<record><leader>00000cas a22000007a 4500</leader><controlfield tag="001">19818363</controlfield><controlfield tag="008">890605d18881891mouwr ne      0    0eng d</controlfield><datafield ind1=" " ind2=" " tag="010"><subfield code="a">sn 89066167 </subfield></datafield><datafield ind1=" " ind2=" " tag="040"><subfield code="a">MQN</subfield><subfield code="b">eng</subfield><subfield code="c">MQN</subfield><subfield code="d">OCLCQ</subfield></datafield><datafield ind1=" " ind2=" " tag="042"><subfield code="a">msc</subfield></datafield><datafield ind1="0" ind2="0" tag="245"><subfield code="a">Howard County democrat.</subfield></datafield><datafield ind1=" " ind2=" " tag="260"><subfield code="a">Fayette, Mo. :</subfield><subfield code="b">Isaac N. Houck</subfield></datafield><datafield ind1=" " ind2=" " tag="300"><subfield code="a">v.</subfield></datafield><datafield ind1=" " ind2=" " tag="310"><subfield code="a">Weekly</subfield></datafield><datafield ind1="1" ind2=" " tag="362"><subfield code="a">Began in 1888? Ceased in 1891?</subfield></datafield><datafield ind1=" " ind2=" " tag="588"><subfield code="a">Description based on: Vol. 10, no. 22 (Feb. 8, 1889).</subfield></datafield><datafield ind1=" " ind2="4" tag="651"><subfield code="a">Howard County (Mo.)</subfield><subfield code="v">Newspapers.</subfield></datafield><datafield ind1=" " ind2=" " tag="752"><subfield code="a">United States</subfield><subfield code="b">Missouri</subfield><subfield code="c">Howard</subfield><subfield code="d">Fayette.</subfield></datafield><datafield ind1="0" ind2="0" tag="780"><subfield code="t">Missouri independent</subfield><subfield code="w">(DLC)sn 89066166</subfield></datafield><datafield ind1="0" ind2="7" tag="785"><subfield code="t">Fayette banner (Fayette, Mo.)</subfield><subfield code="w">(DLC)sn 89066374</subfield></datafield><datafield ind1="0" ind2="7" tag="785"><subfield code="t">Democrat-banner</subfield><subfield code="w">(DLC)sn 89066375</subfield></datafield><datafield ind1="1" ind2=" " tag="029"><subfield code="a">AU@</subfield><subfield code="b">000020618106</subfield></datafield></record>